@article{liu2012lock,
	author = {Liu, Yujie and Spear, Michael},
	journal = {ACM SIGPLAN Notices},
	number = {8},
	pages = {323--324},
	publisher = {ACM},
	title = {{A lock-free, array-based priority queue}},
	volume = {47},
	year = {2012}
}

@inproceedings{sundell2003fast,
	author = {Sundell, H{\aa}kan and Tsigas, Philippas},
	booktitle = {{Parallel and Distributed Processing Symposium, 2003. Proceedings. International}},
	organization = {IEEE},
	pages = {11--pp},
	title = {{Fast and lock-free concurrent priority queues for multi-thread systems}},
	year = {2003}
}

@inproceedings{shavit2000skiplist,
	author = {Shavit, Nir and Lotan, Itay},
	booktitle = {{Parallel and Distributed Processing Symposium, 2000. IPDPS 2000. Proceedings. 14th International}},
	organization = {IEEE},
	pages = {263--268},
	title = {{Skiplist-based concurrent priority queues}},
	year = {2000}
}

@incollection{linden2013skiplist,
	author = {Lind\'{e}n, Jonatan and Jonsson, Bengt},
	booktitle = {{Principles of Distributed Systems}},
	pages = {206--220},
	publisher = {Springer},
	title = {{A Skiplist-Based Concurrent Priority Queue with Minimal Memory Contention}},
	year = {2013}
}

@article{hunt1996efficient,
	author = {Hunt, Galen C and Michael, Maged M and Parthasarathy, Srinivasan and Scott, Michael L},
	journal = {Information Processing Letters},
	number = {3},
	pages = {151--157},
	publisher = {Elsevier},
	title = {{An efficient algorithm for concurrent priority queue heaps}},
	volume = {60},
	year = {1996}
}

@inproceedings{passas2011comparing,
	author = {Passas, Stavros and Karlsson, Sven},
	booktitle = {{Fourth Workshop on Programmability Issues for Multi-Core Computers (MULTIPROG 2011)}},
	pages = {78},
	title = {{Comparing the Overhead of Lock-based and Lock-free Implementations of Priority Queues}},
	year = {2011}
}

@techreport{michael1995correction,
	author = {Michael, Maged M and Scott, Michael L},
	institution = {DTIC Document},
	title = {{Correction of a Memory Management Method for Lock-Free Data Structures.}},
	year = {1995}
}

@article{herlihy1990linearizability,
	author = {Herlihy, Maurice P and Wing, Jeannette M},
	journal = {ACM Transactions on Programming Languages and Systems (TOPLAS)},
	number = {3},
	pages = {463--492},
	publisher = {ACM},
	title = {{Linearizability: A correctness condition for concurrent objects}},
	volume = {12},
	year = {1990}
}

@article{cederman2013lock,
	author = {Cederman, Daniel and Gidenstam, Anders and Ha, Phuong and Sundell, H{\aa}kan and Papatriantafilou, Marina and Tsigas, Philippas},
	journal = {arXiv preprint arXiv:1302.2757},
	title = {{Lock-free concurrent data structures}},
	year = {2013}
}

@inproceedings{valois1995lock,
	author = {Valois, John D},
	booktitle = {{Proceedings of the fourteenth annual ACM symposium on Principles of distributed computing}},
	organization = {ACM},
	pages = {214--222},
	title = {{Lock-free linked lists using compare-and-swap}},
	year = {1995}
}

@inproceedings{dragicevic2008survey,
	author = {Dragicevic, Kristijan and Bauer, Daniel},
	booktitle = {{Parallel and Distributed Processing, 2008. IPDPS 2008. IEEE International Symposium on}},
	organization = {IEEE},
	pages = {1--6},
	title = {{A survey of concurrent priority queue algorithms}},
	year = {2008}
}

@article{moir2007concurrent,
	author = {Moir, Mark and Shavit, Nir},
	journal = {Handbook of Data Structures and Applications},
	pages = {47--14},
	publisher = {Chapman and Hall/CRC Press},
	title = {{Concurrent data structures}},
	year = {2007}
}

@inproceedings{shavit1999scalable,
	author = {Shavit, Nir and Zemach, Asaph},
	booktitle = {{Proceedings of the eighteenth annual ACM symposium on Principles of distributed computing}},
	organization = {ACM},
	pages = {113--122},
	title = {{Scalable concurrent priority queue algorithms}},
	year = {1999}
}

@article{pugh1990skip,
	author = {Pugh, William},
	journal = {Communications of the ACM},
	number = {6},
	pages = {668--676},
	publisher = {ACM},
	title = {{Skip lists: a probabilistic alternative to balanced trees}},
	volume = {33},
	year = {1990}
}

@book{herlihy2012art,
	author = {Herlihy, Maurice and Shavit, Nir},
	publisher = {Elsevier},
	title = {{The Art of Multiprocessor Programming, Revised Reprint}},
	year = {2012}
}

@article{lamport1979make,
	author = {Lamport, Leslie},
	journal = {Computers, IEEE Transactions on},
	number = {9},
	pages = {690--691},
	publisher = {IEEE},
	title = {{How to make a multiprocessor computer that correctly executes multiprocess programs}},
	volume = {100},
	year = {1979}
}

@article{shavit1996diffracting,
	author = {Shavit, Nir and Zemach, Asaph},
	journal = {ACM Transactions on Computer Systems (TOCS)},
	number = {4},
	pages = {385--428},
	publisher = {ACM},
	title = {{Diffracting trees}},
	volume = {14},
	year = {1996}
}

